@misc{cite1,
  title  = {GC Service Inventory},
  author = {Treasury Board of Canada Secretariat},
  year   = {2024},
  url    = {https://open.canada.ca/data/en/dataset/3ac0d080-6149-499a-8b06-7ce5f00ec56c}
}

